
@STRING( EL = "Electronics Letters"
)

@STRING( ICL = "IEEE Communications Letters"
)

@STRING( ICM = "IEEE Communications Magazine"
)

@STRING( IJSAC = "IEEE Journal on Selected Areas of Communication"
)

@STRING( IJSC = "International Journal of Satellite Communications"
)

@STRING( ITC = "IEEE Transactions on Communications"
)

@STRING( ITIT = "IEEE Transactions on Information Theory"
)

@STRING( ITVT = "IEEE Transactions on Vehicular Technology"
)

@BOOK(Shannon:A_Mathematical_Theory_of_Communications,
author = "C. Shannon",
title = "{A} {M}athematical {T}heoryof {C}ommunications",
journal = "Bell Systems Technical Journal",
year = "1948",
volume = "27",
month = "October"
)

@BOOK(Haykin:Communication_Systems,
author = "Simon Haykin",
title = "Communications {S}ystems",
publisher = "John Wiley and Sons",
year =  1994 ,
address = "New York",
edition = "{T}hird"
)
@BOOK(Yuksekkaya:Automation_Systems,
author = "Andy Rodick",
title = "Automation {A}nd {C}ontrol - {T}heory and {P}ractice",
publisher = "In-Tech",
year =  2009 ,
address = "India",
edition = "{F}irst"
)

@BOOK(Kuo:Automatic_Control_Systems,
author = "Benjamin Kuo",
title = "Automation {C}ontrol {S}ystems",
publisher = "Prentice-Hall",
year =  1975 ,
address = "New Jersey",
edition = "{T}hird"
)
@BOOK(Block:Shopping,
author = {Block, Lauren and Morwitz, Vicki},
year = {1999},
pages = {343-375},
title = {Shopping Lists as an External Memory Aid for Grocery Shopping: Influences on List Writing and List Fulfillment},
volume = {8},
booktitle = {Journal of Consumer Psychology}
)
@BOOK{WinNT,
	author = {Ronald P Willett},
	year = 1967,
	title = {Customer Impulse Purchasing Behavior," Journal of Marketing Research},
	volume = {4}
	pages = {21-31}
}

@BOOK{ShopL,
	author = {S.C.P Aboratec},
	year = 2018,
	title = {ShopList : https://play.google.com/store/apps/detailsid=com.aboratec.shop- list$\&$hl=en},
	urldate = {2018-04-16}
}
